@MISC{gracec,  author = {Grace Cathedral},  title = {The Cathedral Labyrinths}, url = {http://www.gracecathedral.org/labyrinth/}}

@article{wing2006computational,  title={Computational thinking}, author={Wing, Jeannette M},  journal={Communications of the ACM},  volume={49},  number={3},  pages={33--35},  year={2006}}

@MISC{httpipythonorg,
  url = {http://ipython.org/}
}

@MISC{httpswwwyoutubecomwa00000,
  url = {https://www.youtube.com/watch?v=aIXED26Wppg}
}

@MISC{httppandaspydataorgp00001,
  url = {http://pandas.pydata.org/pandas-docs/stable/generated/pandas.DataFrame.to_latex.html}
}

@MISC{httpsgithubcomJelteF00002,
  url = {https://github.com/JelteF/PyLaTeX/}
}

@MISC{httpsjeltefgithubioP00003,
  url = {https://jeltef.github.io/PyLaTeX/current/usage.html#the-classes}
}

@MISC{httpsenwikipediaorgw00004,
  url = {https://en.wikipedia.org/wiki/Wrapped_normal_distribution}
}

